<?xml version='1.0' encoding='UTF-8'?>
<record xmlns="http://www.loc.gov/MARC21/slim">
  <leader>01779cam a2200421 a 4500</leader>
  <controlfield tag="001">462458</controlfield>
  <controlfield tag="003">NjP</controlfield>
  <controlfield tag="005">20171013101838.0</controlfield>
  <controlfield tag="008">880819s1952    ua ac         000 1 ara d</controlfield>
  <datafield tag="024" ind1="7" ind2=" ">
    <subfield code="a">princeton_aco002785</subfield>
    <subfield code="2">local</subfield>
  </datafield>
  <datafield ind1=" " ind2=" " tag="035">
    <subfield code="a">(OCoLC)82745408</subfield>
  </datafield>
  <datafield ind1=" " ind2=" " tag="035">
    <subfield code="a">(OCoLC)ocn175429812</subfield>
  </datafield>
  <datafield ind1=" " ind2=" " tag="035">
    <subfield code="a">(OCoLC)175429812</subfield>
  </datafield>
  <datafield ind1=" " ind2=" " tag="035">
    <subfield code="a">(CStRLIN)NJPG88-B41962</subfield>
  </datafield>
  <datafield ind1=" " ind2=" " tag="035">
    <subfield code="9">ACD8112TS</subfield>
  </datafield>
  <datafield ind1=" " ind2=" " tag="035">
    <subfield code="a">(NjP)462458</subfield>
  </datafield>
  <datafield ind1=" " ind2=" " tag="040">
    <subfield code="a">NjP</subfield>
    <subfield code="c">PUL</subfield>
    <subfield code="d">PUL</subfield>
  </datafield>
  <datafield ind1="1" ind2=" " tag="041">
    <subfield code="a">ara</subfield>
    <subfield code="h">eng</subfield>
  </datafield>
  <datafield ind1=" " ind2=" " tag="049">
    <subfield code="a">PULL</subfield>
  </datafield>
  <datafield ind1=" " ind2=" " tag="079">
    <subfield code="a">ocm82745408</subfield>
  </datafield>
  <datafield ind1="1" ind2=" " tag="100">
    <subfield code="a">Christie, Agatha,</subfield>
    <subfield code="d">1890-1976.</subfield>
    <subfield code="0">http://id.loc.gov/authorities/names/n79038407</subfield>
  </datafield>
  <datafield ind1="1" ind2="0" tag="240">
    <subfield code="a">Murder of Roger Ackroyd.</subfield>
    <subfield code="l">Arabic</subfield>
  </datafield>
  <datafield ind1="1" ind2="0" tag="245">
    <subfield code="6">880-01</subfield>
    <subfield code="a">Jarīmah fī al-rīf /</subfield>
    <subfield code="c">taʼlīf Ajātā Krīstī.</subfield>
  </datafield>
  <datafield ind1=" " ind2=" " tag="260">
    <subfield code="6">880-02</subfield>
    <subfield code="a">al-Qāhirah :</subfield>
    <subfield code="b">Dār al-Hilāl,</subfield>
    <subfield code="c">1952.</subfield>
  </datafield>
  <datafield ind1=" " ind2=" " tag="300">
    <subfield code="a">161 p. :</subfield>
    <subfield code="b">ill., port. ;</subfield>
    <subfield code="c">23 cm.</subfield>
  </datafield>
  <datafield ind1="0" ind2=" " tag="490">
    <subfield code="6">880-03</subfield>
    <subfield code="a">Riwāyāt al-Hilāl ;</subfield>
    <subfield code="v">45 (Sibtambir 1952)</subfield>
  </datafield>
  <datafield ind1=" " ind2="0" tag="440">
    <subfield code="6">880-04</subfield>
    <subfield code="a">Rawāʼiʻ al-qaṣaṣ al-ʻālamī</subfield>
  </datafield>
  <datafield ind1=" " ind2=" " tag="500">
    <subfield code="a">Translation of: The murder of Roger Ackroyd.</subfield>
  </datafield>
  <datafield ind1=" " ind2="0" tag="650">
    <subfield code="a">Poirot, Hercule (Fictitious character)</subfield>
    <subfield code="v">Fiction.</subfield>
    <subfield code="0">http://id.loc.gov/authorities/subjects/sh2008109473</subfield>
  </datafield>
  <datafield ind1=" " ind2="0" tag="650">
    <subfield code="a">Private investigators</subfield>
    <subfield code="z">England</subfield>
    <subfield code="v">Fiction.</subfield>
    <subfield code="0">http://id.loc.gov/authorities/subjects/sh2008109474</subfield>
  </datafield>
  <datafield ind1=" " ind2="0" tag="650">
    <subfield code="a">Belgians</subfield>
    <subfield code="z">England</subfield>
    <subfield code="v">Fiction.</subfield>
    <subfield code="0">http://id.loc.gov/authorities/subjects/sh2009116922</subfield>
  </datafield>
  <datafield ind1="1" ind2="0" tag="880">
    <subfield code="6">245-01/r</subfield>
    <subfield code="a">جريمة في الريف /</subfield>
    <subfield code="c">تأليف اجاتا كريستي.</subfield>
  </datafield>
  <datafield ind1=" " ind2=" " tag="880">
    <subfield code="6">260-02/r</subfield>
    <subfield code="a">القاهرة :</subfield>
    <subfield code="b">دار الهلال،</subfield>
    <subfield code="c">1952.</subfield>
  </datafield>
  <datafield ind1="0" ind2=" " tag="880">
    <subfield code="6">490-03/r</subfield>
    <subfield code="a">روايات الهلال ؛</subfield>
    <subfield code="v">45 (سبتمبر 1952)</subfield>
  </datafield>
  <datafield ind1=" " ind2="0" tag="880">
    <subfield code="6">440-04/r</subfield>
    <subfield code="a">روائع القصص العالمي</subfield>
  </datafield>
  <datafield ind1=" " ind2=" " tag="998">
    <subfield code="a">08/19/88</subfield>
    <subfield code="s">9114</subfield>
    <subfield code="n">NjP</subfield>
    <subfield code="w">NJPG88B41962</subfield>
    <subfield code="d">08/19/88</subfield>
    <subfield code="c">DGH</subfield>
    <subfield code="b">DGH</subfield>
    <subfield code="i">880819</subfield>
    <subfield code="l">NJPG</subfield>
  </datafield>
  <datafield ind1=" " ind2=" " tag="911">
    <subfield code="a">19921028</subfield>
  </datafield>
  <datafield ind1=" " ind2=" " tag="912">
    <subfield code="a">19900828000000.0</subfield>
  </datafield>
  <datafield ind1=" " ind2=" " tag="994">
    <subfield code="a">C0</subfield>
    <subfield code="b">PUL</subfield>
  </datafield>
  <datafield ind1=" " ind2=" " tag="999">
    <subfield code="a">462458</subfield>
  </datafield>
  <datafield ind1="0" ind2="0" tag="852">
    <subfield code="0">502950</subfield>
    <subfield code="b">rcppa</subfield>
    <subfield code="t">1</subfield>
    <subfield code="h">PR6005.H66</subfield>
    <subfield code="i">M8512</subfield>
    <subfield code="x">tr fr arab</subfield>
  </datafield>
  <datafield ind1=" " ind2=" " tag="959">
    <subfield code="a">2000-06-13 00:00:00 -0500</subfield>
  </datafield>
</record>
